@article{Lederman,
  title = {Observation of High-Energy Neutrino Reactions and the Existence of Two Kinds of Neutrinos},
  author = {Danby, G. and Gaillard, J-M. and Goulianos, K. and Lederman, L. M. and Mistry, N. and Schwartz, M. and Steinberger, J.},
  journal = {Phys. Rev. Lett.},
  volume = {9},
  issue = {1},
  pages = {36--44},
  numpages = {0},
  year = {1962},
  month = {Jul},
  publisher = {American Physical Society},
  doi = {10.1103/PhysRevLett.9.36},
  url = {http://link.aps.org/doi/10.1103/PhysRevLett.9.36}
}
@article{Cowan,
      author         = "Cowan, C.L. and Reines, F. and Harrison, F.B. and Kruse,
                        H.W. and McGuire, A.D.",
      title          = "{Detection of the free neutrino: A Confirmation}",
      journal        = "Science",
      volume         = "124",
      pages          = "103-104",
      doi            = "10.1126/science.124.3212.103",
      year           = "1956",
      SLACcitation   = "%%CITATION = SCIEA,124,103;%%",
}
@book{Close, place={Oxford}, title={Neutrino}, publisher={Oxford University Press}, author={Close, Frank E.}, year={2010}}
@misc{Giunti, place={Oxford}, title={Fundamentals of neutrino physics and astrophysics}, publisher={Oxford University Press}, author={Giunti, Carlo, Kim, Chung Wook}, year={2007}}
@book{Zuber, title={Neutrino physics}, volume={Series in high energy physics, cosmology and gravitation}, publisher={Taylor & Francis}, author={Zuber, K.}, year={2010}}
@ARTICLE{tau,
   author = {{DONUT Collaboration}},
    title = "{Observation of tau neutrino interactions}",
  journal = {Physics Letters B},
   eprint = {hep-ex/0012035},
     year = 2001,
    month = apr,
   volume = 504,
    pages = {218-224},
      doi = {10.1016/S0370-2693(01)00307-0},
   adsurl = {http://adsabs.harvard.edu/abs/2001PhLB..504..218D},
  adsnote = {Provided by the SAO/NASA Astrophysics Data System}
@Article{PDG,
 author        = "K.A. Olive and others",
 collaboration = "Particle Data Group",
 title         = "Review of Particle Physics",
 journal       = "Chin.Phys.",
 volume        = "C38",
 pages         = "090001",
 year          = "2014",
 doi           = "10.1088/1674-1137/38/9/090001",
}
@book{Martin, place={Chichester}, title={Particle physics}, publisher={Wiley}, author={Martin, B. R., Shaw, G.}, year={2008}}
@ARTICLE{Pontecorvo,
   author = {{Pontecorvo}, B.},
    title = "{Neutrino Experiments and the Problem of Conservation of Leptonic Charge}",
  journal = {Soviet Journal of Experimental and Theoretical Physics},
     year = 1968,
    month = may,
   volume = 26,
    pages = {984},
   adsurl = {http://adsabs.harvard.edu/abs/1968JETP...26..984P},
  adsnote = {Provided by the SAO/NASA Astrophysics Data System}
}
@article{SNO1,
  title = {Measurement of the Rate of ${$\nu${}}_{e}+\mathit{d}$\rightarrow${}\mathit{p}+\mathit{p}+{\mathit{e}}^{-}$ Interactions Produced by $^{8}B$ Solar Neutrinos at the Sudbury Neutrino Observatory},
  author = {Ahmad, Q. R. et al},
  journal = {Phys. Rev. Lett.},
  volume = {87},
  issue = {7},
  pages = {071301},
  numpages = {6},
  year = {2001},
  month = {Jul},
  publisher = {American Physical Society},
  doi = {10.1103/PhysRevLett.87.071301},
  url = {http://link.aps.org/doi/10.1103/PhysRevLett.87.071301}
}
@article{Wu,
  title = {Experimental Test of Parity Conservation in Beta Decay},
  author = {Wu, C. S. and Ambler, E. and Hayward, R. W. and Hoppes, D. D. and Hudson, R. P.},
  journal = {Phys. Rev.},
  volume = {105},
  issue = {4},
  pages = {1413--1415},
  numpages = {0},
  year = {1957},
  month = {Feb},
  publisher = {American Physical Society},
  doi = {10.1103/PhysRev.105.1413},
  url = {http://link.aps.org/doi/10.1103/PhysRev.105.1413}
}
@article{Cronin,
  title = {Evidence for the $2\pi$ Decay of the $K_{2}^{0}$ Meson},
  author = {Christenson, J. H. and Cronin, J. W. and Fitch, V. L. and Turlay, R.},
  journal = {Phys. Rev. Lett.},
  volume = {13},
  issue = {4},
  pages = {138--140},
  numpages = {0},
  year = {1964},
  month = {Jul},
  publisher = {American Physical Society},
  doi = {10.1103/PhysRevLett.13.138},
  url = {http://link.aps.org/doi/10.1103/PhysRevLett.13.138}
}
@misc{APS,
  title = {{American Physical Society} DNP/DPF/DAP/DPB Joint Study on the Future of Neutrino Physics },
  howpublished = {\url{http:
//www.aps.org/policy/reports/multidivisional/neutrino/upload/main.pdf}},
  note = {Accessed: 2015-05-06}
}
@article{analytic,
  title = {Analytic approximations for three neutrino oscillation parameters and probabilities in matter},
  author = {Freund, Martin},
  journal = {Phys. Rev. D},
  volume = {64},
  issue = {5},
  pages = {053003},
  numpages = {12},
  year = {2001},
  month = {Jul},
  publisher = {American Physical Society},
  doi = {10.1103/PhysRevD.64.053003},
  url = {http://link.aps.org/doi/10.1103/PhysRevD.64.053003}
}
@article{SuperK,
  title = {Evidence for Oscillation of Atmospheric Neutrinos},
  author = {Fukuda, Y. et al.},
  journal = {Phys. Rev. Lett.},
  volume = {81},
  issue = {8},
  pages = {1562--1567},
  numpages = {0},
  year = {1998},
  month = {Aug},
  publisher = {American Physical Society},
  doi = {10.1103/PhysRevLett.81.1562},
  url = {http://link.aps.org/doi/10.1103/PhysRevLett.81.1562}
}
@article{reactor,
      author         = "Lasserre, T. and Sobel, H.W.",
      title          = "{Reactor neutrinos}",
      journal        = "Comptes Rendus Physique",
      volume         = "6",
      pages          = "749-757",
      doi            = "10.1016/J.CRHY.2005.08.002",
      year           = "2005",
      eprint         = "nucl-ex/0601013",
      archivePrefix  = "arXiv",
      primaryClass   = "nucl-ex",
      SLACcitation   = "%%CITATION = NUCL-EX/0601013;%%",
}
@ARTICLE{Daya,
   author = {{An}, F.~P. and {Bai}, J.~Z. and {Balantekin}, A.~B. and {Band}, H.~R. and 
	{Beavis}, D. and {Beriguete}, W. and {Bishai}, M. and {Blyth}, S. and 
	{Boddy}, K. and {Brown}, R.~L. and et al.},
    title = "{Observation of Electron-Antineutrino Disappearance at Daya Bay}",
  journal = {Physical Review Letters},
archivePrefix = "arXiv",
   eprint = {1203.1669},
 primaryClass = "hep-ex",
 keywords = {Neutrino mass and mixing},
     year = 2012,
    month = apr,
   volume = 108,
   number = 17,
      eid = {171803},
    pages = {171803},
      doi = {10.1103/PhysRevLett.108.171803},
   adsurl = {http://adsabs.harvard.edu/abs/2012PhRvL.108q1803A},
  adsnote = {Provided by the SAO/NASA Astrophysics Data System}
}
@article{accelerator,
      author         = "Kopp, Sacha E.",
      title          = "{Accelerator-based neutrino beams}",
      journal        = "Phys.Rept.",
      volume         = "439",
      pages          = "101-159",
      doi            = "10.1016/j.physrep.2006.11.004",
      year           = "2007",
      eprint         = "physics/0609129",
      archivePrefix  = "arXiv",
      primaryClass   = "physics",
      SLACcitation   = "%%CITATION = PHYSICS/0609129;%%",
}
@article{NOvA,
      author         = "Ayres, D.S. and others",
      title          = "{NOvA: Proposal to build a 30 kiloton off-axis detector
                        to study nu(mu) ---> nu(e) oscillations in the NuMI
                        beamline}",
      collaboration  = "NOvA",
      year           = "2004",
      eprint         = "hep-ex/0503053",
      archivePrefix  = "arXiv",
      primaryClass   = "hep-ex",
      reportNumber   = "FERMILAB-PROPOSAL-0929",
      SLACcitation   = "%%CITATION = HEP-EX/0503053;%%",
}
@ARTICLE{Homestake,
   author = {{Cleveland}, B.~T. and {Daily}, T. and {Davis}, Jr., R. and 
	{Distel}, J.~R. and {Lande}, K. and {Lee}, C.~K. and {Wildenhain}, P.~S. and 
	{Ullman}, J.},
    title = "{Measurement of the Solar Electron Neutrino Flux with the Homestake Chlorine Detector}",
  journal = {\apj},
 keywords = {ELEMENTARY PARTICLES, SUN: INTERIOR, SUN: PARTICLE EMISSION, Elementary Particles, Sun: Interior, Sun: Particle Emission},
     year = 1998,
    month = mar,
   volume = 496,
    pages = {505-526},
      doi = {10.1086/305343},
   adsurl = {http://adsabs.harvard.edu/abs/1998ApJ...496..505C},
  adsnote = {Provided by the SAO/NASA Astrophysics Data System}
}
@Book{leo, 
   Author = {R. Leo, W.},
   Title = {Techniques for Nuclear and Particle Physics Experiments},
   Publisher = {Springer},
   Year = {1987}
} 
@ARTICLE{ICARUS,
   author = {{ICARUS Collaboration}},
    title = "{Measurement of the neutrino velocity with the ICARUS detector at the CNGS beam}",
  journal = {Physics Letters B},
archivePrefix = "arXiv",
   eprint = {1203.3433},
 primaryClass = "hep-ex",
     year = 2012,
    month = jun,
   volume = 713,
    pages = {17-22},
      doi = {10.1016/j.physletb.2012.05.033},
   adsurl = {http://adsabs.harvard.edu/abs/2012PhLB..713...17I},
  adsnote = {Provided by the SAO/NASA Astrophysics Data System}
}
@article{LBNE,
      author         = "Adams, C. and others",
      title          = "{The Long-Baseline Neutrino Experiment: Exploring
                        Fundamental Symmetries of the Universe}",
      collaboration  = "LBNE",
      year           = "2013",
      eprint         = "1307.7335",
      archivePrefix  = "arXiv",
      primaryClass   = "hep-ex",
      reportNumber   = "BNL-101354-2013-JA, BNL-101354-2014-JA,
                        FERMILAB-PUB-14-022, LA-UR-14-20881",
      SLACcitation   = "%%CITATION = ARXIV:1307.7335;%%",
}
@ARTICLE{MINOS,
   author = {{Michael}, D.~G. and {Adamson}, P. and {Alexopoulos}, T. and 
	{Allison}, W.~W.~M. and {Alner}, G.~J. and {Anderson}, K. and 
	{Andreopoulos}, C. and {Andrews}, M. and {Andrews}, R. and {Arms}, K.~E. and et al.},
    title = "{Observation of Muon Neutrino Disappearance with the MINOS Detectors in the NuMI Neutrino Beam}",
  journal = {Physical Review Letters},
   eprint = {hep-ex/0607088},
 keywords = {Ordinary neutrinos (nuW bosons, Neutrino mass and mixing, Beams in particle accelerators, Spectrometers and spectroscopic techniques},
     year = 2006,
    month = nov,
   volume = 97,
   number = 19,
      eid = {191801},
    pages = {191801},
      doi = {10.1103/PhysRevLett.97.191801},
   adsurl = {http://adsabs.harvard.edu/abs/2006PhRvL..97s1801M},
  adsnote = {Provided by the SAO/NASA Astrophysics Data System}
}
@article{GLOBES,
      author         = "Huber, Patrick and Lindner, M. and Winter, W.",
      title          = "{Simulation of long-baseline neutrino oscillation
                        experiments with GLoBES (General Long Baseline Experiment
                        Simulator)}",
      journal        = "Comput.Phys.Commun.",
      volume         = "167",
      pages          = "195",
      doi            = "10.1016/j.cpc.2005.01.003",
      year           = "2005",
      eprint         = "hep-ph/0407333",
      archivePrefix  = "arXiv",
      primaryClass   = "hep-ph",
      reportNumber   = "TUM-HEP-553-04",
      SLACcitation   = "%%CITATION = HEP-PH/0407333;%%",
}
@Article{PREM,
 author        = "A. M. Dziewonski and D. L. Anderson",
 title         = "Preliminary reference earth model",
 journal       = "Phys. Earth Planet. Interiors",
 volume        = "25",
 pages         = "297-356",
 year          = "1981",
}
@article{CHI,
      author         = "Qian, X. and Tan, A. and Wang, W. and Ling, J.J. and
                        McKeown, R.D. and others",
      title          = "{Statistical Evaluation of Experimental Determinations of
                        Neutrino Mass Hierarchy}",
      journal        = "Phys.Rev.",
      volume         = "D86",
      pages          = "113011",
      doi            = "10.1103/PhysRevD.86.113011",
      year           = "2012",
      eprint         = "1210.3651",
      archivePrefix  = "arXiv",
      primaryClass   = "hep-ph",
      reportNumber   = "JLAB-PHY-12-1643",
      SLACcitation   = "%%CITATION = ARXIV:1210.3651;%%",
}
@ARTICLE{MSW,
   author = {{Wolfenstein}, L.},
    title = "{Neutrino oscillations in matter}",
  journal = {\prd},
     year = 1978,
    month = may,
   volume = 17,
    pages = {2369-2374},
      doi = {10.1103/PhysRevD.17.2369},
   adsurl = {http://adsabs.harvard.edu/abs/1978PhRvD..17.2369W},
  adsnote = {Provided by the SAO/NASA Astrophysics Data System}
}
@article{parameters,
      author         = "Capozzi, F. and Fogli, G.L. and Lisi, E. and Marrone, A.
                        and Montanino, D. and others",
      title          = "{Status of three-neutrino oscillation parameters, circa
                        2013}",
      journal        = "Phys.Rev.",
      number         = "9",
      volume         = "D89",
      pages          = "093018",
      doi            = "10.1103/PhysRevD.89.093018",
      year           = "2014",
      eprint         = "1312.2878",
      archivePrefix  = "arXiv",
      primaryClass   = "hep-ph",
      SLACcitation   = "%%CITATION = ARXIV:1312.2878;%%",
}